% assessment.bib

@inproceedings{Liskov:VHLL74,
 author = {Liskov, Barbara and Zilles, Stephen},
 title = {Programming with Abstract Data Types},
 booktitle = {Proceedings of the ACM SIGPLAN Symposium on Very High Level Languages},
 year = {1974},
 location = {Santa Monica, California, USA},
 pages = {50--59},
 numpages = {10},
 url = {http://doi.acm.org/10.1145/800233.807045},
 doi = {10.1145/800233.807045},
 acmid = {807045},
 publisher = {ACM},
 address = {New York, NY, USA},
} 

@article{Herlihy:TOPLAS90,
 author = {Herlihy, Maurice P. and Wing, Jeannette M.},
 title = {Linearizability: A Correctness Condition for Concurrent Objects},
 journal = {ACM Trans. Program. Lang. Syst.},
 issue_date = {July 1990},
 volume = {12},
 number = {3},
 month = jul,
 year = {1990},
 issn = {0164-0925},
 pages = {463--492},
 numpages = {30},
 url = {http://doi.acm.org/10.1145/78969.78972},
 doi = {10.1145/78969.78972},
 acmid = {78972},
 publisher = {ACM},
 address = {New York, NY, USA},
} 

@inproceedings{Burckhardt:POPL14,
 author = {Burckhardt, Sebastian and Gotsman, Alexey and Yang, Hongseok and Zawirski, Marek},
 title = {Replicated Data Types: Specification, Verification, Optimality},
 booktitle = {Proceedings of the 41st ACM SIGPLAN-SIGACT Symposium on Principles of Programming Languages},
 series = {POPL '14},
 year = {2014},
 isbn = {978-1-4503-2544-8},
 location = {San Diego, California, USA},
 pages = {271--284},
 numpages = {14},
 url = {http://doi.acm.org/10.1145/2535838.2535848},
 doi = {10.1145/2535838.2535848},
 acmid = {2535848},
 publisher = {ACM},
 address = {New York, NY, USA},
} 

@techreport{Shapiro:TR11,
  TITLE = {{A comprehensive study of Convergent and Commutative Replicated Data Types}},
  AUTHOR = {Shapiro, Marc and Pregui{\c c}a, Nuno and Baquero, Carlos and Zawirski, Marek},
  URL = {https://hal.inria.fr/inria-00555588},
  TYPE = {Research Report},
  NUMBER = {RR-7506},
  PAGES = {50},
  INSTITUTION = {{Inria -- Centre Paris-Rocquencourt ; INRIA}},
  YEAR = {2011},
  MONTH = Jan,
  KEYWORDS = {eventual consistency ; optimistic replication ; replicated data types ; distributed algorithms ; distributed systems ; Data replication ; commutative operations},
  PDF = {https://hal.inria.fr/inria-00555588/file/techreport.pdf},
  HAL_ID = {inria-00555588},
  HAL_VERSION = {v1},
}

@article{guerraoui:tcde16,
  author = {Guerraoui, Rachid and Pavlovic, Matej and Seredinschi, Dragos-Adrian},
  title = {Trade-offs in Replicated Systems},
  journal   = {{IEEE} Data Eng. Bull.},
  volume = {39},
  number = {1},
  month = mar,
  year = {2016},
  pages = {14--26},
}

% dubois:isca86; weak ordering
@inproceedings{dubois:isca86,
 author = {Dubois, Michel and Scheurich, Christoph and Briggs, Fay{\'e} A.},
 title = {Memory Access Buffering in Multiprocessors},
 booktitle = {Proceedings of the 13th Annual International Symposium on Computer Architecture},
 series = {ISCA '86},
 year = {1986},
 pages = {434--442},
 publisher = {IEEE Computer Society Press},
}

% lamport:tc79; sequential consistency
@article{Lamport:TC79,
 author = {Lamport, Leslie},
 title = {How to Make a Multiprocessor Computer That Correctly Executes Multiprocess Programs},
 journal = {IEEE Trans. Comput.},
 volume = {28},
 number = {9},
 month = sep,
 year = {1979},
 pages = {690--691},
}

@article{Lamport:DC86,
  author = {Lamport, Leslie},
  title = {On interprocess communication (Part II: algorithms)},
  journal = {Distrib. Comput.},
  volume = {1},
  number = {2},
  year = {1986},
  pages = {86--101},
}

% terry:sosp95; eventual consistency (bayou)
@inproceedings{Terry:SOSP95,
  author = {Terry, Douglas B. and Theimer, Marvin M. and Petersen, Karin and Demers, Alan J. and Spreitzer, Mike J. and Hauser, Carl H.},
  title = {Managing Update Conflicts in Bayou, a Weakly Connected Replicated Storage System},
  booktitle = {Proceedings of the 15th ACM Symposium on Operating Systems Principles},
  series = {SOSP '95},
  year = {1995},
  pages = {172--182},
  publisher = {ACM},
}

% brewer:podc00
@inproceedings{brewer:podc00,
  author = {Eric Brewer},
  title = {Towards robust distributed systems},
  booktitle = {Proceedings of the annual ACM SIGACT-SIGOPS Symposium on Principles of Distributed Computing (Invited Talk)},
  series = {PODC '00},
  month = jul,
  year = {2000},
}

% pacelc tradeoff
@article{abadi:computer12,
  author    = {Daniel Abadi},
  title     = {Consistency Tradeoffs in Modern Distributed Database System Design},
  journal   = {IEEE Computer},
  volume    = {45},
  number    = {2},
  year      = {2012},
  pages     = {37--42},
}

@article{facebook:osr10,
 author = {Lakshman, Avinash and Malik, Prashant},
 title = {Cassandra: A Decentralized Structured Storage System},
 journal = {SIGOPS Oper. Syst. Rev.},
 volume = {44},
 number = {2},
 month = apr,
 year = {2010},
 pages = {35--40},
 publisher = {ACM},
}

% unified theory
@article{steinke:jacm04,
 author = {Steinke, Robert C. and Nutt, Gary J.},
 title = {A Unified Theory of Shared Memory Consistency},
 journal = {J. ACM},
 volume = {51},
 number = {5},
 month = sep,
 year = {2004},
 pages = {800--849},
}

% adya:thesis99; weak consistency
@phdthesis{adya:thesis99,
  author = {Adya, Atul},
  title = {Weak Consistency: A Generalized Theory and Optimistic Implementations for Distributed Transactions},
  year = {1999},
  school = {Massachusetts Institute of Technology},
}

@inproceedings{Amazon:SOSP07,
  author = {DeCandia, Giuseppe and Hastorun, Deniz and Jampani, Madan and Kakulapati, Gunavardhan and Lakshman, Avinash and Pilchin, Alex and Sivasubramanian, Swaminathan and Vosshall, Peter and Vogels, Werner},
  title = {Dynamo: Amazon's Highly Available Key-value Store},
  booktitle = {Proceedings of 21st ACM SIGOPS Symposium on Operating Systems Principles},
  series = {SOSP '07},
  year = {2007},
  pages = {205--220},
  publisher = {ACM},
}

% vogels:cacm09
@article{vogels:cacm09,
  author = {Vogels, Werner},
  title = {Eventually Consistent},
  journal = {Commun. ACM},
  volume = {52},
  number = {1},
  month = jan,
  year = {2009},
  pages = {40--44},
  publisher = {ACM},
}

% golab:podc11; online verification
@inproceedings{Golab:PODC11,
  author = {Golab, Wojciech and Li, Xiaozhou and Shah, Mehul A.},
  title = {Analyzing Consistency Properties for Fun and Profit},
  booktitle = {Proceedings of the 30th Annual ACM SIGACT-SIGOPS Symposium on Principles of Distributed Computing},
  series = {PODC '11},
  year = {2011},
  pages = {197--206},
  publisher = {ACM},
}

% terry:cacm13
@article{Terry:CACM13,
 author = {Terry, Doug},
 title = {Replicated Data Consistency Explained Through Baseball},
 journal = {Commun. ACM},
 volume = {56},
 number = {12},
 year = {2013},
 pages = {82--89},
}

@ELECTRONIC{google:blog09,
  author = {Jake Brutlag},
  title = {Speed Matters for Google Web Search},
  howpublished = {\url{https://services.google.com/fh/files/blogs/google_delayexp.pdf}},
  note = {Accessed: 07-08-2016},
}

% dutta:podc04; fast read
@inproceedings{dutta:podc04,
  author = {Dutta, Partha and Guerraoui, Rachid and Levy, Ron R. and Chakraborty, Arindam},
  title = {How Fast Can a Distributed Atomic Read Be?},
  booktitle = {Proceedings of the 23rd Annual ACM Symposium on Principles of Distributed Computing},
  year = {2004},
  pages = {236--245},
}

@article{attiya:jacm95,
  author = {Attiya, Hagit and Bar-Noy, Amotz and Dolev, Danny},
  title = {Sharing Memory Robustly in Message-passing Systems},
  journal = {J. ACM},
  volume = {42},
  number = {1},
  month = jan,
  year = {1995},
  pages = {124--142},
  publisher = {ACM},
}

% attiya:sicomp98
@article{attiya:sicomp98,
  author = {Hagit Attiya and Roy Friedman},
  title = {A Correctness Condition for High-Performance Multiprocessors},
  journal = {SIAM Journal on Computing},
  volume = {27},
  number = {6},
  pages = {1637-1670},
  year = {1998},
}

% elnikety:srds05; GSI
@inproceedings{elnikety:srds05,
  author = {Elnikety, Sameh and Zwaenepoel, Willy and Pedone, Fernando},
  title = {Database Replication Using Generalized Snapshot Isolation},
  booktitle = {Proceedings of the 24th IEEE Symposium on Reliable Distributed Systems},
  series = {SRDS '05},
  year = {2005},
  pages = {73--84},
  publisher = {IEEE Computer Society},
}

% sovran:sosp11; psi
@inproceedings{sovran:sosp11,
  author = {Sovran, Yair and Power, Russell and Aguilera, Marcos K. and Li, Jinyang},
  title = {Transactional Storage for Geo-replicated Systems},
  booktitle = {Proceedings of the 23rd ACM Symposium on Operating Systems Principles},
  series = {SOSP '11},
  year = {2011},
  pages = {385--400},
  publisher = {ACM},
}

% ardekani:srds; nmsi
@inproceedings{ardekani:srds13,
  author = {Ardekani, Masoud Saeida and Sutra, Pierre and Shapiro, Marc},
  title = {Non-monotonic Snapshot Isolation: Scalable and Strong Consistency for Geo-replicated Transactional Systems},
  booktitle = {Proceedings of the 32nd IEEE International Symposium on Reliable Distributed Systems},
  series = {SRDS '13},
  year = {2013},
  pages = {163--172},
  publisher = {IEEE Computer Society},
}

% berenson:sigmod95; ansi isolations
@inproceedings{berenson:sigmod95,
  author = {Berenson, Hal and Bernstein, Phil and Gray, Jim and Melton, Jim and O'Neil, Elizabeth and O'Neil, Patrick},
  title = {A Critique of ANSI SQL Isolation Levels},
  booktitle = {Proceedings of the 1995 ACM SIGMOD International Conference on Management of Data},
  series = {SIGMOD '95},
  year = {1995},
  pages = {1--10},
  publisher = {ACM},
}

% yu:tocs02
@article{yu:tocs02,
 author = {Yu, Haifeng and Vahdat, Amin},
 title = {Design and Evaluation of a Conit-based Continuous Consistency Model for Replicated Services},
 journal = {ACM Trans. Comp. Syst.},
 volume = {20},
 number = {3},
 year = {2002},
 pages = {239--282},
}

% terry:sosp13
@inproceedings{terry:sosp13,
 author = {Terry, Douglas B. and Prabhakaran, Vijayan and Kotla, Ramakrishna and Balakrishnan, Mahesh and Aguilera, Marcos K. and Abu-Libdeh, Hussam},
 title = {Consistency-based Service Level Agreements for Cloud Storage},
 booktitle = {Proceedings of the 24th ACM Symposium on Operating Systems Principles},
 series = {SOSP '13},
 year = {2013},
 pages = {309--324},
 publisher = {ACM},
}

% terry:tr13
@techreport{terry:tr13,
  author = {Kotla, Ramakrishna and Balakrishnan, Mahesh and Terry, Doug and Aguilera, Marcos K.},
  title = {Transactions with Consistency Choices on Geo-Replicated Cloud Storage},
  year = {2013},
  month = sep,
  institution = {Microsoft, MSR-TR-2013-82},
}

% dubois:isca86; weak ordering
@inproceedings{dubois:isca86,
 author = {Dubois, Michel and Scheurich, Christoph and Briggs, Fay{\'e} A.},
 title = {Memory Access Buffering in Multiprocessors},
 booktitle = {Proceedings of the 13th Annual International Symposium on Computer Architecture},
 series = {ISCA '86},
 year = {1986},
 pages = {434--442},
 publisher = {IEEE Computer Society Press},
}

% li:osdi12; RedBlue consistency
@inproceedings{li:osdi12,
 author = {Li, Cheng and Porto, Daniel and Clement, Allen and Gehrke, Johannes and Pregui\c{c}a, Nuno and Rodrigues, Rodrigo},
 title = {Making Geo-replicated Systems Fast As Possible, Consistent when Necessary},
 booktitle = {Proceedings of the 10th USENIX Conference on Operating Systems Design and Implementation},
 series = {OSDI '12},
 year = {2012},
 pages = {265--278},
 publisher = {USENIX Association},
} 

% ladin:tocs92; lazy replication
@article{ladin:tocs92,
 author = {Ladin, Rivka and Liskov, Barbara and Shrira, Liuba and Ghemawat, Sanjay},
 title = {Providing High Availability Using Lazy Replication},
 journal = {ACM Trans. Comput. Syst.},
 volume = {10},
 number = {4},
 month = nov,
 year = {1992},
 pages = {360--391},
 publisher = {ACM},
} 

% bernstein:sigmod06; rcsr
@inproceedings{bernstein:sigmod06,
 author = {Bernstein, Philip A. and Fekete, Alan and Guo, Hongfei and Ramakrishnan, Raghu and Tamma, Pradeep},
 title = {Relaxed-currency Serializability for Middle-tier Caching and Replication},
 booktitle = {Proceedings of the 2006 ACM SIGMOD International Conference on Management of Data},
 series = {SIGMOD '06},
 year = {2006},
 pages = {599--610},
 publisher = {ACM},
}

% tripathi:bigdata15
@inproceedings{tripathi:bigdata15,
 author = {Anand Tripathi, and BhagavathiDhass Thirunavukarasu},
 title = {A Transaction Model for Management of Replicated Data with Multiple Consistency Levels},
 booktitle = {Proceedings of the 2015 IEEE International Conference on Big Data},
 series = {BigData'15},
 year = {2015},
 pages = {470--477},
 publisher = {IEEE Computer Society},
} 

% gibbons:sicomp97; VSC and VL
@article{Gibbons:SICOMP97,
  author = {Gibbons, Phillip B. and Korach, Ephraim},
  title = {Testing shared memories},
  journal = {SIAM J. Comput.},
  volume = {26},
  number = {4},
  month = aug,
  year = {1997},
  pages = {1208--1244},
}

% cantin:tpds05; VMC
@article{Cantin:TPDS05,
  author = {Cantin, Jason F. and Lipasti, Mikko H. and Smith, James E.},
  journal = {IEEE Transactions on Parallel and Distributed Systems},
  title = {The complexity of verifying memory coherence and consistency},
  volume = {16},
  number = {7},
  month = jul,
  year = {2005},
  pages = {663--671},
}

% hangal:isca04; TSO
@inproceedings{hangal:isca04,
  author = {Hangal, Sudheendra and Vahia, Durgam and Manovit, Chaiyasit and Lu, Juin-Yeu Joseph, and Narayanan, Sridhar},
  title = {{TSO}tool: A Program for Verifying Memory Systems Using the Memory Consistency Model},
  booktitle = {Proceedings of the 31st Annual International Symposium on Computer Architecture},
  series = {ISCA '04},
  month = jun,
  year = {2004},
}

% manovit:spaa05; TSO
@inproceedings{manovit:spaa05,
  author = {Manovit, Chaiyasit and Hangal, Sudheendra},
  title = {Efficient Algorithms for Verifying Memory Consistency},
  booktitle = {Proceedings of the 17th Annual ACM Symposium on Parallelism in Algorithms and Architectures},
  series = {SPAA '05},
  year = {2005},
  pages = {245--252},
  publisher = {ACM},
} 

% roy:cav06; TSO
@inproceedings{roy:cav06,
  author = {Roy, Amitabha and Zeisset, Stephan and Fleckenstein, Charles J. and Huang, John C.},
  title = {Fast and generalized polynomial time memory consistency verification},
  booktitle = {Proceedings of the 18th International Conference on Computer Aided Verification},
  series = {CAV '06},
  year = {2006},
  pages = {503--516},
}

% baswana:cav08; TSO
@inproceedings{baswana:cav08,
  author = {Baswana, Surender and Mehta, Shashank K. and Powar, Vishal},
  title = {Implied Set Closure and Its Application to Memory Consistency Verification},
  booktitle = {Proceedings of the 20th International Conference on Computer Aided Verification},
  series = {CAV '08},
  year = {2008},
  pages = {94--106},
}

% golab:icdcs13; k-AV
@inproceedings{golab:icdcs13,
  author = {Golab, Wojciech and Hurwitz, Jeremy and Li, Xiaozhou (Steve)},
  title = {On the k-Atomicity-Verification Problem},
  booktitle = {Proceedings of the 33rd IEEE International Conference on Distributed Computing Systems},
  series = {ICDCS '13},
  year = {2013},
  pages = {591--600},
  publisher = {IEEE Computer Society},
} 

% golab:icdcs14; gamma-atomicity
@inproceedings{golab:icdcs14,
 author = {Golab, Wojciech and Rahman, Muntasir Raihan and Auyoung, Alvin and Keeton, Kimberly and Gupta, Indranil},
 title = {Client-Centric Benchmarking of Eventual Consistency for Cloud Storage Systems},
 booktitle = {Proceedings of the 34th IEEE International Conference on Distributed Computing Systems},
 series = {ICDCS '14},
 year = {2014},
 pages = {493--502},
 publisher = {IEEE Computer Society},
}

% golab:podc15; k-AV
@inproceedings{golab:podc15,
 author = {Golab, Wojciech and Li, Xiaozhou (Steve) and L\'{o}pez-Ortiz, Alejandro and Nishimura, Naomi},
 title = {Computing Weak Consistency in Polynomial Time: [Extended Abstract]},
 booktitle = {Proceedings of the 2015 ACM Symposium on Principles of Distributed Computing},
 series = {PODC '15},
 year = {2015},
 pages = {395--404},
 publisher = {ACM},
} 

% yu:disc03; prob-atomicity
@inproceedings{yu:disc03,
  author = {Yu, Haifeng},
  title = {Overcoming the Majority Barrier in Large-Scale Systems},
  booktitle = {Proceedings of the 17th International Conference on Distributed Computing},
  series = {DISC' 03},
  year = {2003},
  pages= {352--366},
  publisher = {Springer Berlin Heidelberg},
}

% gramoli:opodis07; timed qs
@inproceedings{gramoli:opodis07,
 author = {Gramoli, Vincent and Raynal, Michel},
 title = {Timed Quorum Systems for Large-scale and Dynamic Environments},
 booktitle = {Proceedings of the 11th International Conference on Principles of Distributed Systems},
 series = {OPODIS '07},
 year = {2007},
 pages = {429--442},
 publisher = {Springer-Verlag},
} 

% lee:dc05; randomized register
@article{Lee:DC05,
 author = {Lee, Hyunyoung and Welch, Jennifer L.},
 title = {Randomized Registers and Iterative Algorithms},
 journal = {Distrib. Comput.},
 volume = {17},
 number = {3},
 year = {2005},
 pages = {209--221},
}

% aiyer:disc05; k-atomicity
@inproceedings{Aiyer:DISC05,
 author = {Aiyer, Amitanand and Alvisi, Lorenzo and Bazzi, Rida A.},
 title = {On the Availability of Non-strict Quorum Systems},
 booktitle = {Proceedings of the 19th International Conference on Distributed Computing},
 series = {DISC '05},
 year = {2005},
 pages = {48--62},
 publisher = {Springer-Verlag},
} 

@article{Bailis:VLDB12,
 author = {Bailis, Peter and Venkataraman, Shivaram and Franklin, Michael J. and Hellerstein, Joseph M. and Stoica, Ion},
 title = {Probabilistically Bounded Staleness for Practical Partial Quorums},
 journal = {Proc. VLDB Endow.},
 volume = {5},
 number = {8},
 year = {2012},
 pages = {776--787},
}

% fekete:pvldb09; quantify SI
@article{fekete:pvldb09,
  author = {Fekete, Alan and Goldrei, Shirley N. and Asenjo, Jorge P{\'e}rez},
  title = {Quantifying Isolation Anomalies},
  journal = {Proc. VLDB Endow.},
  volume = {2},
  number = {1},
  month = aug,
  year = {2009},
  pages = {467--478},
}

% papadimitriou:jacm79
@article{Papadimitriou:JACM79,
  author = {Papadimitriou, Christos H.},
  title = {The Serializability of Concurrent Database Updates},
  journal = {J. ACM},
  volume = {26},
  number = {4},
  month = oct,
  year = {1979},
  pages = {631--653},
  publisher = {ACM},
}

% yannakakis:jacm84; view/state SR
@article{yannakakis:jacm84,
  author = {Yannakakis, Mihalis},
  title = {Serializability by Locking},
  journal = {J. ACM},
  volume = {31},
  number = {2},
  month = mar,
  year = {1984},
  pages = {227--244},
  publisher = {ACM},
}

% bernstein:tods83; one-copy SR
% title = {Multiversion Concurrency Control\&Mdash;Theory and Algorithms},
@article{bernstein:tods83,
  author = {Bernstein, Philip A. and Goodman, Nathan},
  title = {Multiversion Concurrency Control --- Theory and Algorithms},
  journal = {ACM Trans. Database Syst.},
  volume = {8},
  number = {4},
  month = dec,
  year = {1983},
  pages = {465--483},
  publisher = {ACM},
}

@article{fekete:tods05,
  author = {Fekete, Alan and Liarokapis, Dimitrios and O'Neil, Elizabeth and O'Neil, Patrick and Shasha, Dennis},
  title = {Making Snapshot Isolation Serializable},
  journal = {ACM Trans. Database Syst.},
  volume = {30},
  number = {2},
  month = jun,
  year = {2005},
  pages = {492--528},
  publisher = {ACM},
}

@inproceedings{cahill:sigmod08,
  author = {Cahill, Michael J. and R\"{o}hm, Uwe and Fekete, Alan D.},
  title = {Serializable Isolation for Snapshot Databases},
  booktitle = {Proceedings of the 2008 ACM SIGMOD International Conference on Management of Data},
  series = {SIGMOD '08},
  year = {2008},
  pages = {729--738},
  publisher = {ACM},
}

@inproceedings{zellag:icde11,
  author = {Zellag, Kamal and Kemme, Bettina},
  title = {Real-time Quantification and Classification of Consistency Anomalies in Multi-tier Architectures},
  booktitle = {Proceedings of the 27th IEEE International Conference on Data Engineering},
  series = {ICDE '11},
  year = {2011},
  pages = {613--624},
  publisher = {IEEE Computer Society},
}

@article{adve:computer96,
 author = {Adve, Sarita V. and Gharachorloo, Kourosh},
 title = {Shared Memory Consistency Models: A Tutorial},
 journal = {Computer},
 volume = {29},
 number = {12},
 month = dec,
 year = {1996},
 pages = {66--76},
 publisher = {IEEE Computer Society Press},
}

@inproceedings{Terry:PDIS94,
  author = {Terry, Douglas B. and Demers, Alan J. and Petersen, Karin and Spreitzer, Mike and Theimer, Marvin and Welch, Brent W.},
  title = {Session Guarantees for Weakly Consistent Replicated Data},
  booktitle = {Proceedings of the 3rd International Conference on Parallel and Distributed Information Systems},
  series = {PDIS '94},
  year = {1994},
  pages = {140--149},
}

@inproceedings{Brzezinski:PDP04,
  title={From session causality to causal consistency},
  author={Brzezinski, J and Sobaniec, C and Wawrzyniak, D},
  booktitle={Proceedings of the 12th Euromicro Conference on Parallel, Distributed and Network-Based Processing},
  pages={152--158},
  year={2004},
}

@inproceedings{Bouajjani:POPL17,
 author = {Bouajjani, Ahmed and Enea, Constantin and Guerraoui, Rachid and Hamza, Jad},
 title = {On Verifying Causal Consistency},
 booktitle = {Proceedings of the 44th ACM SIGPLAN Symposium on Principles of Programming Languages},
 series = {POPL 2017},
 year = {2017},
 isbn = {978-1-4503-4660-3},
 location = {Paris, France},
 pages = {626--638},
 numpages = {13},
 url = {http://doi.acm.org/10.1145/3009837.3009888},
 doi = {10.1145/3009837.3009888},
 acmid = {3009888},
 publisher = {ACM},
 address = {New York, NY, USA},
 keywords = {causal consistency, distributed systems, model checking, static program analysis},
} 

@inproceedings{Furbach:ACSD14, 
  author = {F. Furbach and R. Meyer and K. Schneider and M. Senftleben}, 
  booktitle = {2014 14th International Conference on Application of Concurrency to System Design}, 
  title = {Memory Model-Aware Testing - A Unified Complexity Analysis}, 
  year = {2014}, 
  month = jun,
  pages = {92-101}, 
}

% GoogleDocs
@Misc{GoogleDocs,
  title = {Google Docs},
  author = {Google},
  howpublished = {\url{https://docs.google.com}},
  note = {Accessed: January 2018},
}

% GoogleDocsJupiter
@Misc{GoogleDocsJupiter,
  title = {What's different about the new Google Docs: Making collaboration fast},
  author = {Google},
  howpublished = {\url{https://drive.googleblog.com/2010/09/whats-different-about-new-google-docs.html}},
  year = {2010},
  note = {Accessed: May 2018},
}

% Wave
@Misc{Wave,
  title = {Apache Wave},
  author = {The Apache Software Foundation},
  howpublished = {\url{https://incubator.apache.org/wave/}},
  year = {2012},
  note = {Accessed: August 2017},
}

% WaveDoc
@manual{WaveDoc,
  author = {The Apache Wave Foundation},
  title = {Apache Wave (incubating) Protocol Documentation (Release 0.4)},
  year = {August 22, 2015},
  pages = {36},
}

@Misc{CodoxWord,
  title = {CodoxWord},
  author = {Codoxware Pte Ltd},
  howpublished = {\url{http://www.codoxware.com/}},
  year = {2014},
  note = {Accessed: August 2017},
}

Misc{Gobby,
  title = {Gobby},
  howpublished = {\url{https://gobby.github.io/}},
  note = {Accessed: August 2017},
}

@Misc{WaveOT,
  title = {Google Wave Operational Transformation},
  author = {Wang, David and Mah, Alex and Lassen, Soren},
  howpublished = {\url{https://svn.apache.org/repos/asf/incubator/wave/whitepapers/operational-transform/operational-transform.html}},
  year = {2010},
  note = {Accessed: August 2017},
}

% Leuf:Wiki01
@book{Leuf:Wiki01,
 author = {Leuf, Bo and Cunningham, Ward},
 title = {The Wiki Way: Quick Collaboration on the Web},
 year = {2001},
 isbn = {0-201-71499-X},
 publisher = {Addison-Wesley Longman Publishing Co., Inc.},
 address = {Boston, MA, USA},
}

% Attiya:Book04
@book{Attiya:Book04,
 author = {Attiya, Hagit and Welch, Jennifer},
 title = {Distributed Computing: Fundamentals, Simulations and Advanced Topics},
 year = {2004},
 isbn = {0471453242},
 publisher = {John Wiley \& Sons},
 address = {NJ, USA},
}

@article{Lamport:CACM78,
 author = {Lamport, Leslie},
 title = {Time, Clocks, and the Ordering of Events in a Distributed System},
 journal = {Commun. ACM},
 issue_date = {July 1978},
 volume = {21},
 number = {7},
 month = jul,
 year = {1978},
 pages = {558--565},
 publisher = {ACM},
}

% Ellis:SIGMOD89
@inproceedings{Ellis:SIGMOD89,
 author = {Ellis, C. A. and Gibbs, S. J.},
 title = {Concurrency Control in Groupware Systems},
 booktitle = {Proceedings of the 1989 ACM SIGMOD International Conference on Management of Data},
 series = {SIGMOD '89},
 year = {1989},
 pages = {399--407},
 publisher = {ACM},
}

@article{Prakash:TOCHI94,
 author = {Prakash, Atul and Knister, Michael J.},
 title = {A Framework for Undoing Actions in Collaborative Systems},
 journal = {ACM Trans. Comput.-Hum. Interact.},
 issue_date = {Dec. 1994},
 volume = {1},
 number = {4},
 month = dec,
 year = {1994},
 pages = {295--330},
 publisher = {ACM},
}

% Nichols:UIST95
@inproceedings{Nichols:UIST95,
 author = {Nichols, David A. and Curtis, Pavel and Dixon, Michael and Lamping, John},
 title = {High-latency, Low-bandwidth Windowing in the Jupiter Collaboration System},
 booktitle = {Proceedings of the 8th Annual ACM Symposium on User Interface and Software Technology},
 series = {UIST '95},
 year = {1995},
 pages = {111--120},
 publisher = {ACM},
}

% Ressel:CSCW96
@inproceedings{Ressel:CSCW96,
 author = {Ressel, Matthias and Nitsche-Ruhland, Doris and Gunzenh\"{a}user, Rul},
 title = {An Integrating, Transformation-oriented Approach to Concurrency Control and Undo in Group Editors},
 booktitle = {Proceedings of the 1996 ACM Conference on Computer Supported Cooperative Work},
 series = {CSCW '96},
 year = {1996},
 pages = {288--297},
 publisher = {ACM},
}

% Sun:TOCHI98
@article{Sun:TOCHI98,
 author = {Sun, Chengzheng and Jia, Xiaohua and Zhang, Yanchun and Yang, Yun and Chen, David},
 title = {Achieving Convergence, Causality Preservation, and Intention Preservation in Real-time Cooperative Editing Systems},
 journal = {ACM Trans. Comput.-Hum. Interact.},
 issue_date = {March 1998},
 volume = {5},
 number = {1},
 month = mar,
 year = {1998},
 pages = {63--108},
 publisher = {ACM},
}

% Sun:CSCW98
@inproceedings{Sun:CSCW98,
 author = {Sun, Chengzheng and Ellis, Clarence},
 title = {Operational Transformation in Real-time Group Editors: Issues, Algorithms, and Achievements},
 booktitle = {Proceedings of the 1998 ACM Conference on Computer Supported Cooperative Work},
 series = {CSCW '98},
 year = {1998},
 pages = {59--68},
 publisher = {ACM},
}

% Vidot:CSCW00
@inproceedings{Vidot:CSCW00,
 author = {Vidot, Nicolas and Cart, Michelle and Ferri{\'e}, Jean and Suleiman, Maher},
 title = {Copies Convergence in a Distributed Real-time Collaborative Environment},
 booktitle = {Proceedings of the 2000 ACM Conference on Computer Supported Cooperative Work},
 series = {CSCW '00},
 year = {2000},
 isbn = {1-58113-222-0},
 pages = {171--180},
 publisher = {ACM},
}

% Sun:TOCHI02
@article{Sun:TOCHI02,
 author = {Sun, Chengzheng},
 title = {Undo As Concurrent Inverse in Group Editors},
 journal = {ACM Trans. Comput.-Hum. Interact.},
 issue_date = {December 2002},
 volume = {9},
 number = {4},
 month = dec,
 year = {2002},
 pages = {309--361},
 publisher = {ACM},
}

% Shen:CSCW02
@inproceedings{Shen:CSCW02,
 author = {Shen, Haifeng and Sun, Chengzheng},
 title = {Flexible Notification for Collaborative Systems},
 booktitle = {Proceedings of the 2002 ACM Conference on Computer Supported Cooperative Work},
 series = {CSCW '02},
 year = {2002},
 pages = {77--86},
 publisher = {ACM},
}

% Li:ICPADS04
@inproceedings{Li:ICPADS04,
 author = {Li, Rui and Li, Du and Sun, Chengzheng},
 title = {A Time Interval Based Consistency Control Algorithm for Interactive Groupware Applications},
 booktitle = {Proceedings of the 10th International Conference on Parallel and Distributed Systems},
 series = {ICPADS '04},
 year = {2004},
 pages = {429--438},
 publisher = {IEEE Computer Society},
}

% Defago:CSUR04
@article{Defago:CSUR04,
 author = {D{\'e}fago, Xavier and Schiper, Andr{\'e} and Urb\'{a}n, P{\'e}ter},
 title = {Total Order Broadcast and Multicast Algorithms: Taxonomy and Survey},
 journal = {ACM Comput. Surv.},
 issue_date = {December 2004},
 volume = {36},
 number = {4},
 month = dec,
 year = {2004},
 pages = {372--421},
 publisher = {ACM},
}

@article{Saito:CSUR05,
 author = {Saito, Yasushi and Shapiro, Marc},
 title = {Optimistic Replication},
 journal = {ACM Comput. Surv.},
 issue_date = {March 2005},
 volume = {37},
 number = {1},
 month = mar,
 year = {2005},
 pages = {42--81},
 publisher = {ACM},
}

% Oster:CSCW06
@inproceedings{Oster:CSCW06,
 author = {Oster, G{\'e}rald and Urso, Pascal and Molli, Pascal and Imine, Abdessamad},
 title = {Data Consistency for P2P Collaborative Editing},
 booktitle = {Proceedings of the 2006 20th Anniversary Conference on Computer Supported Cooperative Work},
 series = {CSCW '06},
 year = {2006},
 isbn = {1-59593-249-6},
 pages = {259--268},
 publisher = {ACM},
}

% Imine:TCS06
@article{Imine:TCS06,
 author = {Imine, Abdessamad and Rusinowitch, Micha\"{e}l and Oster, G{\'e}rald and Molli, Pascal},
 title = {Formal Design and Verification of Operational Transformation Algorithms for Copies Convergence},
 journal = {Theor. Comput. Sci.},
 issue_date = {21 February 2006},
 volume = {351},
 number = {2},
 month = feb,
 year = {2006},
 pages = {167--183},
 publisher = {Elsevier Science Publishers Ltd.},
}

% Preguica:ICDCS09
@inproceedings{Preguica:ICDCS09,
 author = {Preguica, Nuno and Marques, Joan Manuel and Shapiro, Marc and Letia, Mihai},
 title = {A Commutative Replicated Data Type for Cooperative Editing},
 booktitle = {Proceedings of the 29th IEEE International Conference on Distributed Computing Systems},
 series = {ICDCS '09},
 year = {2009},
 pages = {395--403},
 publisher = {IEEE Computer Society},
}

% Weiss:ICDCS09
@inproceedings{Weiss:ICDCS09,
 author = {Weiss, Stephane and Urso, Pascal and Molli, Pascal},
 title = {Logoot: A Scalable Optimistic Replication Algorithm for Collaborative Editing on P2P Networks},
 booktitle = {Proceedings of the 29th IEEE International Conference on Distributed Computing Systems},
 series = {ICDCS '09},
 year = {2009},
 pages = {404--412},
 publisher = {IEEE Computer Society},
}

% Sun:TPDS09
@article{Sun:TPDS09,
 author = {Sun, David and Sun, Chengzheng},
 title = {Context-Based Operational Transformation in Distributed Collaborative Editing Systems},
 journal = {IEEE Trans. Parallel Distrib. Syst.},
 issue_date = {October 2009},
 volume = {20},
 number = {10},
 month = oct,
 year = {2009},
 pages = {1454--1470},
 publisher = {IEEE Press},
}

% Shapiro:SSS11
@inproceedings{Shapiro:SSS11,
 author = {Shapiro, Marc and Pregui\c{c}a, Nuno and Baquero, Carlos and Zawirski, Marek},
 title = {Conflict-free Replicated Data Types},
 booktitle = {Proceedings of the 13th International Conference on Stabilization, Safety, and Security of Distributed Systems},
 series = {SSS'11},
 year = {2011},
 pages = {386--400},
 publisher = {Springer-Verlag},
}

% Roh:JPDC11
@article{Roh:JPDC11,
 author = {Roh, Hyun-Gul and Jeon, Myeongjae and Kim, Jin-Soo and Lee, Joonwon},
 title = {Replicated Abstract Data Types: Building Blocks for Collaborative Applications},
 journal = {J. Parallel Distrib. Comput.},
 issue_date = {March, 2011},
 volume = {71},
 number = {3},
 month = mar,
 year = {2011},
 pages = {354--368},
 publisher = {Academic Press, Inc.},
}

% Xu:CSCW14
@inproceedings{Xu:CSCW14,
 author = {Xu, Yi and Sun, Chengzheng and Li, Mo},
 title = {Achieving Convergence in Operational Transformation: Conditions, Mechanisms and Systems},
 booktitle = {Proceedings of the 17th ACM Conference on Computer Supported Cooperative Work},
 series = {CSCW '14},
 year = {2014},
 pages = {505--518},
 publisher = {ACM},
}

% Sun:CSCW14
@inproceedings{Sun:CSCW14,
 author = {Sun, Chengzheng and Xu, Yi and Agustina, Agustina},
 title = {Exhaustive Search of Puzzles in Operational Transformation},
 booktitle = {Proceedings of the 17th ACM Conference on Computer Supported Cooperative Work},
 series = {CSCW '14},
 year = {2014},
 location = {Baltimore, Maryland, USA},
 pages = {519--529},
 publisher = {ACM},
}

@inproceedings{Attiya:PODC15,
 author = {Attiya, Hagit and Ellen, Faith and Morrison, Adam},
 title = {Limitations of Highly-Available Eventually-Consistent Data Stores},
 booktitle = {Proceedings of the 2015 ACM Symposium on Principles of Distributed Computing},
 series = {PODC '15},
 year = {2015},
 pages = {385--394},
 publisher = {ACM},
}

@inproceedings{Attiya:PODC16,
  title = {Specification and complexity of collaborative text editing},
  author = {Attiya, Hagit and Burckhardt, Sebastian and Gotsman, Alexey and Morrison, Adam and Yang, Hongseok and Zawirski, Marek},
  booktitle = {Proceedings of the 2016 ACM Symposium on Principles of Distributed Computing},
  series = {PODC '16},
  pages = {259--268},
  year = {2016},
  publisher = {ACM},
}

@inproceedings{Emmi:CAV18,
  title = {Monitoring Weak Consistency},
  author= {Emmi, Michael and Enea, Constantin},
  booktitle = {Computer Aided Verification},
  editor = {Chockler, Hana and Weissenbacher, Georg},
  year = {2018},
  publisher = {Springer International Publishing},
  address = {Cham},
  pages = {487--506},
  isbn = {978-3-319-96145-3}
}

@inproceedings{Taubenfeld:ICDCN13,
  author = {Taubenfeld, Gadi},
  editor = {Frey, Davide and Raynal, Michel and Sarkar, Saswati and Shyamasundar, Rudrapatna K.  and Sinha, Prasun},
  title = {Weak Read/Write Registers},
  booktitle = {Distributed Computing and Networking},
  year = {2013},
  publisher = {Springer Berlin Heidelberg},
  address = {Berlin, Heidelberg},
  pages = {423--427},
  isbn = {978-3-642-35668-1}
}

@article{Golab:SICOMP18,
  author = {Golab, Wojciech and Steve, Xiaozhou and López-Ortiz, Alejandro and Nishimura, Naomi},
  year = {2018},
  month = {01},
  pages = {420-455},
  title = {Computing $k$-Atomicity in Polynomial Time},
  volume = {47},
  booktitle = {SIAM Journal on Computing}
}

@inproceedings{Anderson:HotDep10,
 author = {Anderson, Eric and Li, Xiaozhou and Shah, Mehul A. and Tucek, Joseph and Wylie, Jay J.},
 title = {What Consistency Does Your Key-value Store Actually Provide?},
 booktitle = {Proceedings of the Sixth International Conference on Hot Topics in System Dependability},
 series = {HotDep'10},
 year = {2010},
 location = {Vancouver, BC, Canada},
 pages = {1--16},
 numpages = {16},
 url = {http://dl.acm.org/citation.cfm?id=1924908.1924919},
 acmid = {1924919},
 publisher = {USENIX Association},
 address = {Berkeley, CA, USA},
}

@inproceedings{Chatterjee:PODC17,
 author = {Chatterjee, Shankha and Golab, Wojciech},
 title = {Brief Announcement: A Probabilistic Performance Model and Tuning Framework for Eventually Consistent Distributed Storage Systems},
 booktitle = {Proceedings of the ACM Symposium on Principles of Distributed Computing},
 series = {PODC '17},
 year = {2017},
 isbn = {978-1-4503-4992-5},
 location = {Washington, DC, USA},
 pages = {259--261},
 numpages = {3},
 url = {http://doi.acm.org/10.1145/3087801.3087850},
 doi = {10.1145/3087801.3087850},
 acmid = {3087850},
 publisher = {ACM},
 address = {New York, NY, USA},
} 

@article{Viotti:CSUR16,
 author = {Viotti, Paolo and Vukoli\'{c}, Marko},
 title = {Consistency in Non-Transactional Distributed Storage Systems},
 journal = {ACM Comput. Surv.},
 issue_date = {July 2016},
 volume = {49},
 number = {1},
 month = jun,
 year = {2016},
 issn = {0360-0300},
 pages = {19:1--19:34},
 articleno = {19},
 numpages = {34},
 url = {http://doi.acm.org/10.1145/2926965},
 doi = {10.1145/2926965},
 acmid = {2926965},
 publisher = {ACM},
 address = {New York, NY, USA},
} 

@article{Burckhardt:Book14,
 author = {Burckhardt, Sebastian},
 title = {Principles of Eventual Consistency},
 journal = {Found. Trends Program. Lang.},
 issue_date = {October 2014},
 volume = {1},
 number = {1-2},
 month = oct,
 year = {2014},
 issn = {2325-1107},
 pages = {1--150},
 numpages = {150},
 url = {http://dx.doi.org/10.1561/2500000011},
 doi = {10.1561/2500000011},
 acmid = {2693642},
 publisher = {Now Publishers Inc.},
 address = {Hanover, MA, USA},
} 

@inproceedings{Bouajjani:POPL14,
 author = {Bouajjani, Ahmed and Enea, Constantin and Hamza, Jad},
 title = {Verifying Eventual Consistency of Optimistic Replication Systems},
 booktitle = {Proceedings of the 41st ACM SIGPLAN-SIGACT Symposium on Principles of Programming Languages},
 series = {POPL '14},
 year = {2014},
 isbn = {978-1-4503-2544-8},
 location = {San Diego, California, USA},
 pages = {285--296},
 numpages = {12},
 url = {http://doi.acm.org/10.1145/2535838.2535877},
 doi = {10.1145/2535838.2535877},
 acmid = {2535877},
 publisher = {ACM},
 address = {New York, NY, USA},
} 

@inproceedings{UC:IPDPS15,
  title={Update consistency for wait-free concurrent objects},
  author={Perrin, Matthieu and Mostefaoui, Achour and Jard, Claude},
  booktitle={2015 IEEE International Parallel and Distributed Processing Symposium},
  pages={219--228},
  url = {https://doi.org/10.1109/IPDPS.2015.39},
  doi = {10.1109/IPDPS.2015.39},
  issn = {1530-2075},
  year={2015},
  organization={IEEE}
}

@article{ERefinement:TCS1991,
 author = {Abadi, Mart\'{\i}n and Lamport, Leslie},
 title = {The Existence of Refinement Mappings},
 journal = {Theor. Comput. Sci.},
 issue_date = {May 31, 1991},
 volume = {82},
 number = {2},
 month = may,
 year = {1991},
 issn = {0304-3975},
 pages = {253--284},
 numpages = {32},
 url = {http://dx.doi.org/10.1016/0304-3975(91)90224-P},
 doi = {10.1016/0304-3975(91)90224-P},
 acmid = {114018},
 publisher = {Elsevier Science Publishers Ltd.},
 address = {Essex, UK},
}

@article{Lamport:EATCS2018,
  author    = {Leslie Lamport},
  title     = {If You're Not Writing a Program, Don't Use a Programming Language},
  journal   = {Bulletin of the {EATCS}},
  volume    = {125},
  year      = {2018},
  url       = {http://eatcs.org/beatcs/index.php/beatcs/article/view/539},
  timestamp = {Thu, 25 Oct 2018 16:35:56 +0200},
  biburl    = {https://dblp.org/rec/bib/journals/eatcs/LamportHS18},
  bibsource = {dblp computer science bibliography, https://dblp.org}
}

@inproceedings{Wei:PODC-BA2018,
 author = {Wei, Hengfeng and Huang, Yu and Lu, Jian},
 title = {Brief Announcement: Specification and Implementation of Replicated List: The Jupiter Protocol Revisited},
 booktitle = {Proceedings of the 2018 ACM Symposium on Principles of Distributed Computing},
 series = {PODC '18},
 year = {2018},
 pages = {81--83},
 numpages = {3},
 publisher = {ACM},
} 

@inproceedings{Wei:OPODIS2018,
  author    = {Hengfeng Wei and Yu Huang and Jian Lu},
  title     = {Specification and Implementation of Replicated List: The Jupiter Protocol
               Revisited},
  booktitle = {22nd International Conference on Principles of Distributed Systems, {OPODIS} 2018},
  pages     = {12:1--12:16},
  year      = {2018},
}

@inproceedings{Wei:TSE2020,
  author    = {Hengfeng Wei and Yu Huang and Jian Lu},
  title     = {Jupiter Made Abstract, and then Refined},
  booktitle = {Under review of {TSE} 2020},
}

@inproceedings{Wei:JOS2020,
  author    = {易星辰 and 魏恒峰 and 黄宇 and 乔磊 and 吕建},
  title     = {PaxosStore中共识算法 TPaxos 的推导、规约与精化},
  booktitle = {{软件学报} 2020 审稿中},
}

@article{Zheng:VLDB2017,
 author = {Zheng, Jianjun and Lin, Qian and Xu, Jiatao and Wei, Cheng and Zeng, Chuwei and Yang, Pingan and Zhang, Yunfan},
 title = {PaxosStore: High-availability Storage Made Practical in WeChat},
 journal = {Proc. VLDB Endow.},
 issue_date = {August 2017},
 volume = {10},
 number = {12},
 month = aug,
 year = {2017},
 issn = {2150-8097},
 pages = {1730--1741},
 numpages = {12},
 publisher = {VLDB Endowment},
}

@article{Amazon:CACM2015,
 author = {Newcombe, Chris and Rath, Tim and Zhang, Fan and Munteanu, Bogdan and Brooker, Marc and Deardeuff, Michael},
 title = {How Amazon Web Services Uses Formal Methods},
 journal = {Commun. ACM},
 issue_date = {April 2015},
 volume = {58},
 number = {4},
 month = mar,
 year = {2015},
 issn = {0001-0782},
 pages = {66--73},
 numpages = {8},
 publisher = {ACM},
} 

@inproceedings{Imine:ECSCW2003,
 author = {Imine, Abdessamad and Molli, Pascal and Oster, G{\'e}rald and Rusinowitch, Micha\"{e}l},
 title = {Proving Correctness of Transformation Functions in Real-time Groupware},
 booktitle = {Proceedings of the Eighth Conference on European Conference on Computer Supported Cooperative Work},
 series = {ECSCW'03},
 year = {2003},
 location = {Helsinki, Finland},
 pages = {277--293},
 numpages = {17},
}

@techreport{Oster:TR2003,
 author = {G{\'e}rald Oster, Pascal Urso, Pascal Molli, and Abdessamad Imine},
 title = {Proving Correctness of Transformation Functions in Collaborative Editing Systems},
 year = {2005},
 numpages = {45},
 url = {https://hal.inria.fr/inria-00071213/},
 type = {Research Report},
 number = {RR-5795},
 HAL_ID = {inria-00071213},
}
